@book{Gonnet2010,
	author = {Gonnet, Gaston H.
		and Scholl,	Ralf and Stevenson, D. E.},
	booktitle = {Physics Today},
	doi = {10.1063/1.3480078},
	isbn = {9783540345596},
	issn = {00319228},
	pages = {49},
	pmid = {20033950},
	title = {{Scientific Computation}},
	url = {http://link.aip.org/link/PHTOAD/v63/i8/p49/s2\&Agg=doi},
	volume = {63},
	year = {2010}
}


@inproceedings{bergstra2011hyperparameter,
	title={Algorithms for Hyper-Parameter Optimization.},
	author={Bergstra, James and
		Bardenet, R{\'e}mi
		and Bengio, Yoshua
		and K{\'e}gl, Bal{\'a}zs and others},
	booktitle={NIPS},
	volume={24},
	pages={2546--2554},
	year={2011}
}

@article{rosenblatt1956kde,
	title={Remarks on some nonparametric estimates of a density function},
	author={Rosenblatt, Murray and others},
	journal={The Annals of Mathematical Statistics},
	volume={27},
	number={3},
	pages={832--837},
	year={1956},
	publisher={Institute of Mathematical Statistics}
}

@article{parzen1962kde,
	title={On estimation of a probability density function and mode},
	author={Parzen, Emanuel and others},
	journal={Annals of mathematical statistics},
	volume={33},
	number={3},
	pages={1065--1076},
	year={1962}
}

@inproceedings{declercq2008online,
	title={Online Learning of Gaussian Mixture Models-a Two-Level Approach.},
	author={Declercq, Arnaud and Piater, Justus H},
	booktitle={VISAPP (1)},
	pages={605--611},
	year={2008}
}

@inproceedings{declercq2007online,
	title={On-line simultaneous learning and tracking of visual feature graphs},
	author={Declercq, Arnaud and Piater, Justus H},
	booktitle={Computer Vision and Pattern Recognition, 2007. CVPR'07. IEEE Conference on},
	pages={1--6},
	year={2007},
	organization={IEEE}
}

@book{sheskin2003statistics,
	title={Handbook of parametric and nonparametric statistical procedures},
	author={Sheskin, David J},
	year={2003},
	publisher={crc Press}
}
@book{fisher1925statistical,
	title={Statistical methods for research workers},
	author={Fisher, Ronald Aylmer},
	year={1925},
	publisher={Genesis Publishing Pvt Ltd}
}
@article{pizarro2002mct,
	title={Multiple comparison procedures applied to model selection},
	author={Pizarro, Joaqu{\i}n and Guerrero, Elisa and Galindo, Pedro L},
	journal={Neurocomputing},
	volume={48},
	number={1},
	pages={155--173},
	year={2002},
	publisher={Elsevier}
}
@article{demsar2006mct,
	title={Statistical comparisons of classifiers over multiple data sets},
	author={Dem{\v{s}}ar, Janez},
	journal={The Journal of Machine Learning Research},
	volume={7},
	pages={1--30},
	year={2006},
	publisher={JMLR. org}
}
@article{bartlett1937,
	title={Properties of sufficiency and statistical tests},
	author={Bartlett, Maurice S},
	journal={Proceedings of the Royal Society of London. Series A-Mathematical and Physical Sciences},
	volume={160},
	number={901},
	pages={268--282},
	year={1937},
	publisher={The Royal Society}
}
@inproceedings{kohavi1995cv,
	title={A study of cross-validation and bootstrap for accuracy estimation and model selection},
	author={Kohavi, Ron and others},
	booktitle={IJCAI},
	volume={14},
	number={2},
	pages={1137--1145},
	year={1995}
}
